@Article{Aldous1994gwt,
   author={Aldous, D., and Vazirani U.},
   title="Go with the winners algorithms",
   journal={Proceedings of the 35th IEEE Symposium on Foundations of Computer Science},
   year="1994",
   pages="492-501"
}
