@Article{Aldous1994gwt,
   author={Aldous, D., and Vazirani U.},
   title="Go with the winners algorithms",
   journal={Proceedings of the 35th IEEE Symposium on Foundations of Computer Science},
   year="1994",
   pages="492-501"
}

@Article{Peinado1997gwt,
    author = {Marcus Peinado and Thomas Lengauer},
    title = {`Go with the winners' Generators with Applications to Molecular Modeling},
    journal={RANDOM},
    year ="1997",
    pages="135-149"
}